<?xml version="1.0" encoding="UTF-8"?>
<alto xmlns:xsi="http://www.w3.org/2001/XMLSchema-instance"
      xmlns="http://www.loc.gov/standards/alto/ns-v4#"
      xsi:schemaLocation="http://www.loc.gov/standards/alto/ns-v4# http://www.loc.gov/standards/alto/v4/alto-4-2.xsd">
  <Description>
    <MeasurementUnit>pixel</MeasurementUnit>
    <sourceImageInformation>
      <fileName>1878_Bern.pdf_page_14.png</fileName>
      
    </sourceImageInformation>
  </Description>
  
  <Layout>
    <Page WIDTH="1387"
          HEIGHT="2249"
          PHYSICAL_IMG_NR="8"
          ID="eSc_dummypage_">
      <PrintSpace HPOS="0"
                  VPOS="0"
                  WIDTH="1387"
                  HEIGHT="2249">
        

        
        <TextBlock ID="eSc_dummyblock_">
          
          
          <TextLine ID="eSc_line_c3cc8ce9"
                    
                    BASELINE="251 322 768 318 1156 318 1229 318" 
                    HPOS="247"
                    VPOS="271"
                    WIDTH="980"
                    HEIGHT="62">
            <Shape><Polygon POINTS="249 320 249 327 714 333 715 333 815 326 839 324 849 326 890 333 892 333 894 333 910 324 912 324 929 333 931 333 933 333 978 324 984 324 989 324 1029 333 1030 333 1032 333 1034 333 1034 331 1043 324 1227 324 1227 316 1222 271 1156 290 1062 292 757 292 717 275 714 273 712 273 710 273 622 275 620 275 618 275 596 286 566 275 564 275 562 275 560 275 558 275 556 275 526 284 247 279 249 320"/></Shape>
	    <String CONTENT="160. Dorf-Inneres in Savoyen 400"
                    HPOS="247"
                    VPOS="271"
                    WIDTH="980"
                    HEIGHT="62"></String>
          </TextLine>

          
          
          <TextLine ID="eSc_line_efe4cfd9"
                    
                    BASELINE="251 367 792 372" 
                    HPOS="249"
                    VPOS="331"
                    WIDTH="543"
                    HEIGHT="51">
            <Shape><Polygon POINTS="253 348 251 367 249 382 790 382 792 372 790 335 264 331 253 348"/></Shape>
	    <String CONTENT="161. Dorf bei Sonnenuntergang"
                    HPOS="249"
                    VPOS="331"
                    WIDTH="543"
                    HEIGHT="51"></String>
          </TextLine>

          
          
          <TextLine ID="eSc_line_d69aa764"
                    
                    BASELINE="502 444 974 440" 
                    HPOS="500"
                    VPOS="397"
                    WIDTH="474"
                    HEIGHT="56">
            <Shape><Polygon POINTS="969 429 950 404 942 401 931 401 914 399 897 406 858 397 856 397 854 397 852 397 815 406 813 406 500 406 502 444 502 453 972 449 974 440 969 429 969 429"/></Shape>
	    <String CONTENT="Ludwig Preusser. Dresden"
                    HPOS="500"
                    VPOS="397"
                    WIDTH="474"
                    HEIGHT="56"></String>
          </TextLine>

          
          
          <TextLine ID="eSc_line_962f8c68"
                    
                    BASELINE="247 496 768 500 1133 498 1227 494" 
                    HPOS="243"
                    VPOS="447"
                    WIDTH="982"
                    HEIGHT="66">
            <Shape><Polygon POINTS="245 494 243 509 1132 504 1133 504 1188 513 1190 513 1192 513 1223 502 1225 492 1223 453 1128 451 1126 451 1124 451 1122 451 1083 470 792 470 766 449 764 449 762 449 657 449 656 449 654 449 567 468 552 455 552 453 551 453 549 453 547 453 545 453 543 453 526 464 498 453 496 453 494 453 492 453 491 453 476 464 425 455 423 455 421 455 419 455 419 457 406 468 376 451 374 451 245 447 245 494"/></Shape>
	    <String CONTENT="162. Der Fischer, nach Göthe 2000"
                    HPOS="243"
                    VPOS="447"
                    WIDTH="982"
                    HEIGHT="66"></String>
          </TextLine>

          
          
          <TextLine ID="eSc_line_a7b4f10b"
                    
                    BASELINE="247 549 686 547 1135 547 1227 543" 
                    HPOS="243"
                    VPOS="513"
                    WIDTH="982"
                    HEIGHT="49">
            <Shape><Polygon POINTS="245 547 245 562 489 552 571 562 575 562 577 562 594 562 873 552 886 562 888 562 890 562 892 562 894 562 895 562 907 551 931 560 933 560 935 560 937 560 955 551 969 560 970 560 972 560 974 562 974 560 976 560 978 560 993 551 1223 560 1225 541 1222 513 243 513 245 547"/></Shape>
	    <String CONTENT="163. Doppelte Niederlage 1000"
                    HPOS="243"
                    VPOS="513"
                    WIDTH="982"
                    HEIGHT="49"></String>
          </TextLine>

          
          
          <TextLine ID="eSc_line_2ba4c672"
                    
                    BASELINE="255 594 757 594 1154 595 1225 592" 
                    HPOS="253"
                    VPOS="551"
                    WIDTH="970"
                    HEIGHT="59">
            <Shape><Polygon POINTS="254 592 253 603 871 597 879 599 888 607 890 607 892 607 894 607 933 599 950 597 965 599 1015 607 1017 607 1152 599 1199 610 1201 610 1203 610 1205 610 1207 610 1222 597 1223 590 1220 552 1160 551 1158 551 1156 551 1154 552 1130 565 757 565 712 552 706 551 704 551 560 551 558 551 556 551 554 551 554 552 537 564 513 552 511 552 254 552 254 592"/></Shape>
	    <String CONTENT="164. Weinleserin bei Meissen 375"
                    HPOS="253"
                    VPOS="551"
                    WIDTH="970"
                    HEIGHT="59"></String>
          </TextLine>

          
          
          <TextLine ID="eSc_line_5cd38ef8"
                    
                    BASELINE="522 665 961 659" 
                    HPOS="519"
                    VPOS="610"
                    WIDTH="440"
                    HEIGHT="64">
            <Shape><Polygon POINTS="521 663 521 674 957 665 959 657 955 625 901 625 901 624 888 612 888 610 886 610 884 610 817 610 815 610 813 610 811 610 811 612 800 624 798 625 774 624 665 614 663 614 661 614 659 614 659 616 650 624 646 627 635 624 612 614 611 614 609 614 519 622 521 663"/></Shape>
	    <String CONTENT="Ludwig Preller, Weimar"
                    HPOS="519"
                    VPOS="610"
                    WIDTH="440"
                    HEIGHT="64"></String>
          </TextLine>

          
          
          <TextLine ID="eSc_line_c66fe3d6"
                    
                    BASELINE="249 715 1103 715" 
                    HPOS="249"
                    VPOS="674"
                    WIDTH="854"
                    HEIGHT="64">
            <Shape><Polygon POINTS="1092 684 1090 682 1073 682 1055 678 1042 674 997 684 995 684 993 684 910 674 909 674 856 684 850 684 845 684 811 674 809 674 807 674 805 674 789 682 787 684 781 682 744 674 742 674 740 674 721 682 719 684 719 682 712 676 712 674 710 674 708 674 706 674 667 682 654 684 626 682 547 674 545 674 543 674 521 680 507 684 491 680 457 674 455 674 453 674 442 680 436 684 429 680 417 674 416 674 414 674 412 674 399 680 391 684 384 680 371 674 369 674 367 674 249 678 249 715 249 734 438 729 451 734 464 738 466 738 468 738 494 732 517 729 564 732 631 738 633 738 635 738 637 738 644 732 648 729 663 732 693 738 695 738 697 738 715 730 725 729 738 730 777 738 779 738 781 738 783 738 783 736 790 730 792 729 888 729 895 729 929 738 931 738 933 738 935 738 937 738 946 729 948 729 952 729 999 738 1000 738 1002 738 1004 738 1004 736 1014 729 1103 729 1103 715 1102 704 1092 684"/></Shape>
	    <String CONTENT="166. Nach dem Sturme auf der Insel Carmo, Norwegen 250"
                    HPOS="249"
                    VPOS="674"
                    WIDTH="854"
                    HEIGHT="64"></String>
          </TextLine>

          
          
          <TextLine ID="eSc_line_87f45d34"
                    
                    BASELINE="348 764 451 760 1154 766 1231 762" 
                    HPOS="344"
                    VPOS="730"
                    WIDTH="885"
                    HEIGHT="40">
            <Shape><Polygon POINTS="346 762 344 770 1227 768 1229 760 1227 732 346 730 346 762"/></Shape>
	    <String CONTENT=""
                    HPOS="344"
                    VPOS="730"
                    WIDTH="885"
                    HEIGHT="40"></String>
          </TextLine>

          
          
          <TextLine ID="eSc_line_ecdb01bf"
                    
                    BASELINE="496 834 976 830" 
                    HPOS="494"
                    VPOS="783"
                    WIDTH="482"
                    HEIGHT="60">
            <Shape><Polygon POINTS="963 804 944 800 925 796 907 792 890 787 843 794 837 794 835 794 826 785 826 783 824 783 822 783 820 783 819 783 790 792 787 794 774 792 715 785 659 785 657 785 656 785 654 785 646 792 642 796 635 790 626 785 624 785 622 785 620 785 494 789 496 834 496 843 974 839 976 830 974 826 963 804"/></Shape>
	    <String CONTENT="Helmuth Rätzer. Karlsruhe"
                    HPOS="494"
                    VPOS="783"
                    WIDTH="482"
                    HEIGHT="60"></String>
          </TextLine>

          
          
          <TextLine ID="eSc_line_35894dc8"
                    
                    BASELINE="247 880 770 884 1154 882 1227 878" 
                    HPOS="243"
                    VPOS="837"
                    WIDTH="982"
                    HEIGHT="60">
            <Shape><Polygon POINTS="245 878 243 886 412 897 414 897 416 897 431 890 434 888 436 890 451 897 453 897 455 897 457 897 487 890 496 888 509 890 551 897 552 897 809 893 1154 888 1222 897 1225 877 1222 839 1162 839 1160 839 1158 839 1156 839 1156 841 1145 852 764 852 693 839 691 839 689 839 687 839 674 850 618 839 616 839 614 839 592 850 515 839 513 839 511 839 509 839 494 850 444 839 442 839 440 839 438 839 425 850 412 839 410 839 408 839 406 839 404 839 380 848 344 837 343 837 341 837 339 837 337 837 337 839 328 847 316 837 314 837 313 837 245 837 245 878"/></Shape>
	    <String CONTENT="167. Park der Villa Borghese 500"
                    HPOS="243"
                    VPOS="837"
                    WIDTH="982"
                    HEIGHT="60"></String>
          </TextLine>

          
          
          <TextLine ID="eSc_line_982c6800"
                    
                    BASELINE="597 953 877 957" 
                    HPOS="596"
                    VPOS="908"
                    WIDTH="281"
                    HEIGHT="66">
            <Shape><Polygon POINTS="875 922 804 912 802 912 775 918 753 922 745 916 740 910 738 910 736 910 734 910 700 914 635 920 599 908 597 953 596 965 607 972 609 972 611 972 612 972 614 972 646 965 736 974 738 974 875 965 877 957 877 929 875 922"/></Shape>
	    <String CONTENT="E. Ravel. Genf"
                    HPOS="596"
                    VPOS="908"
                    WIDTH="281"
                    HEIGHT="66"></String>
          </TextLine>

          
          
          <TextLine ID="eSc_line_6898c309"
                    
                    BASELINE="245 1012 702 1008 1154 1012 1229 1008" 
                    HPOS="241"
                    VPOS="959"
                    WIDTH="986"
                    HEIGHT="64">
            <Shape><Polygon POINTS="243 1010 243 1015 597 1023 599 1023 601 1023 603 1023 603 1021 611 1015 612 1013 624 1015 686 1023 687 1023 689 1023 706 1013 710 1013 1051 1013 1079 1023 1081 1023 1083 1023 1085 1023 1103 1013 1197 1023 1199 1023 1201 1023 1227 1012 1227 1006 1223 963 1180 959 1178 959 1177 959 1175 959 1171 963 1148 978 1115 967 1113 967 1111 967 1109 967 1085 980 980 980 961 967 959 967 957 967 955 967 954 967 952 967 931 980 729 980 700 963 697 959 695 959 693 959 691 959 689 959 684 963 661 974 642 963 639 959 637 959 635 959 633 959 631 959 629 959 626 963 611 974 528 976 489 963 481 959 479 959 477 959 476 959 464 963 438 968 425 963 419 959 417 959 416 959 414 959 412 959 412 961 410 963 401 970 389 963 386 959 384 959 382 959 380 959 241 961 243 1010"/></Shape>
	    <String CONTENT="168. Rebgelände bei Genf 800"
                    HPOS="241"
                    VPOS="959"
                    WIDTH="986"
                    HEIGHT="64"></String>
          </TextLine>

          
          
          <TextLine ID="eSc_line_c3167f77"
                    
                    BASELINE="464 1087 1004 1079" 
                    HPOS="462"
                    VPOS="1043"
                    WIDTH="542"
                    HEIGHT="57">
            <Shape><Polygon POINTS="987 1047 969 1045 967 1043 462 1043 464 1087 464 1100 1004 1096 1004 1079 1000 1053 987 1047"/></Shape>
	    <String CONTENT="Paul V. Ravenstein. Karlsruhe"
                    HPOS="462"
                    VPOS="1043"
                    WIDTH="542"
                    HEIGHT="57"></String>
          </TextLine>

          
          
          <TextLine ID="eSc_line_50953fae"
                    
                    BASELINE="247 1141 753 1141 1154 1139 1231 1139" 
                    HPOS="243"
                    VPOS="1098"
                    WIDTH="986"
                    HEIGHT="58">
            <Shape><Polygon POINTS="245 1139 245 1156 331 1146 1227 1146 1229 1137 1227 1105 1218 1098 1216 1098 1214 1098 1212 1098 1163 1100 1162 1100 1160 1100 1160 1102 1150 1111 1148 1113 1017 1113 1015 1111 1002 1102 1000 1102 999 1102 997 1102 916 1111 907 1111 905 1111 886 1102 884 1102 882 1102 880 1102 879 1102 879 1103 869 1111 869 1113 747 1113 745 1111 706 1098 704 1098 581 1098 579 1098 577 1098 575 1098 562 1107 547 1098 545 1098 543 1098 541 1098 539 1098 537 1098 537 1100 530 1107 521 1100 521 1098 519 1098 517 1098 515 1098 513 1098 479 1107 470 1100 470 1098 468 1098 466 1098 343 1098 341 1098 339 1098 337 1098 324 1109 313 1100 313 1098 311 1098 309 1098 256 1098 254 1098 253 1098 251 1098 251 1100 243 1105 245 1139"/></Shape>
	    <String CONTENT="169. Landschaft bei Wetzlar 310"
                    HPOS="243"
                    VPOS="1098"
                    WIDTH="986"
                    HEIGHT="58"></String>
          </TextLine>

          
          
          <TextLine ID="eSc_line_2149fb31"
                    
                    BASELINE="249 1186 745 1190 1156 1190 1229 1186" 
                    HPOS="245"
                    VPOS="1145"
                    WIDTH="982"
                    HEIGHT="60">
            <Shape><Polygon POINTS="247 1184 245 1199 1027 1193 1060 1205 1062 1205 1064 1205 1066 1205 1068 1205 1081 1193 1152 1193 1223 1205 1227 1184 1223 1152 1163 1146 1162 1146 1160 1146 1158 1146 1158 1148 1154 1152 1143 1163 738 1163 710 1152 691 1145 689 1145 687 1145 635 1152 609 1154 575 1152 507 1145 506 1145 504 1145 502 1145 492 1152 485 1156 477 1152 468 1146 466 1146 464 1146 462 1146 461 1146 455 1152 444 1158 417 1152 391 1145 389 1145 387 1145 247 1150 247 1184"/></Shape>
	    <String CONTENT="170. Felsen bei Hohenbaden 250"
                    HPOS="245"
                    VPOS="1145"
                    WIDTH="982"
                    HEIGHT="60"></String>
          </TextLine>

          
          
          <TextLine ID="eSc_line_7990895a"
                    
                    BASELINE="507 1265 974 1259" 
                    HPOS="506"
                    VPOS="1221"
                    WIDTH="468"
                    HEIGHT="59">
            <Shape><Polygon POINTS="955 1227 937 1227 918 1225 899 1225 880 1225 862 1223 843 1223 824 1221 804 1225 785 1227 506 1223 507 1265 507 1280 972 1270 974 1259 970 1251 955 1227"/></Shape>
	    <String CONTENT="Markus Roman. Karlsruhe"
                    HPOS="506"
                    VPOS="1221"
                    WIDTH="468"
                    HEIGHT="59"></String>
          </TextLine>

          
          
          <TextLine ID="eSc_line_9c6bed8e"
                    
                    BASELINE="247 1319 708 1315 1177 1317 1229 1317" 
                    HPOS="243"
                    VPOS="1276"
                    WIDTH="984"
                    HEIGHT="52">
            <Shape><Polygon POINTS="245 1317 245 1328 1227 1328 1227 1315 1223 1281 721 1289 627 1280 588 1276 586 1276 584 1276 582 1276 582 1278 579 1280 569 1289 534 1280 521 1276 519 1276 517 1276 515 1276 513 1276 509 1280 496 1289 481 1280 477 1276 476 1276 474 1276 472 1276 470 1276 461 1280 446 1285 432 1280 425 1276 423 1276 421 1276 243 1278 245 1317"/></Shape>
	    <String CONTENT="171. Quelle in der Sabina 90"
                    HPOS="243"
                    VPOS="1276"
                    WIDTH="984"
                    HEIGHT="52"></String>
          </TextLine>

          
          
          <TextLine ID="eSc_line_bdebe6d9"
                    
                    BASELINE="249 1368 678 1364 1177 1366 1229 1362" 
                    HPOS="245"
                    VPOS="1332"
                    WIDTH="982"
                    HEIGHT="45">
            <Shape><Polygon POINTS="676 1360 657 1360 639 1360 620 1360 601 1360 582 1360 564 1360 545 1360 526 1360 507 1360 489 1360 470 1360 451 1362 432 1362 414 1362 395 1362 376 1362 357 1362 339 1362 320 1362 301 1362 283 1362 264 1362 245 1362 247 1366 247 1377 1227 1370 1227 1360 1222 1332 684 1338 676 1360"/></Shape>
	    <String CONTENT=""
                    HPOS="245"
                    VPOS="1332"
                    WIDTH="982"
                    HEIGHT="45"></String>
          </TextLine>

          
          
          <TextLine ID="eSc_line_f9d17a75"
                    
                    BASELINE="249 1368 678 1364" 
                    HPOS="245"
                    VPOS="1325"
                    WIDTH="431"
                    HEIGHT="56">
            <Shape><Polygon POINTS="247 1366 247 1381 676 1370 676 1362 672 1332 245 1325 247 1366"/></Shape>
	    <String CONTENT="172. Dorf in der Sabina"
                    HPOS="245"
                    VPOS="1325"
                    WIDTH="431"
                    HEIGHT="56"></String>
          </TextLine>

          
          
          <TextLine ID="eSc_line_cbe57a8a"
                    
                    BASELINE="402 1441 1073 1435" 
                    HPOS="401"
                    VPOS="1396"
                    WIDTH="672"
                    HEIGHT="63">
            <Shape><Polygon POINTS="1057 1400 1038 1400 1029 1400 1019 1400 1000 1400 982 1398 963 1398 944 1398 925 1398 907 1396 895 1396 867 1400 845 1401 401 1396 402 1441 402 1450 573 1459 575 1459 622 1450 626 1450 637 1450 847 1458 849 1458 1073 1446 1073 1435 1072 1411 1057 1400"/></Shape>
	    <String CONTENT="Luigi Rossi. Von Lugano, in Mailand"
                    HPOS="401"
                    VPOS="1396"
                    WIDTH="672"
                    HEIGHT="63"></String>
          </TextLine>

          
          
          <TextLine ID="eSc_line_a02f0145"
                    
                    BASELINE="249 1495 794 1495 1154 1493 1229 1493" 
                    HPOS="245"
                    VPOS="1448"
                    WIDTH="982"
                    HEIGHT="60">
            <Shape><Polygon POINTS="247 1493 247 1508 1227 1503 1227 1491 1223 1458 789 1465 712 1452 687 1448 686 1448 684 1448 671 1452 635 1461 622 1450 620 1448 618 1448 616 1448 614 1448 612 1448 603 1450 579 1459 569 1450 567 1450 567 1448 566 1448 564 1448 522 1448 521 1448 519 1448 517 1448 515 1450 502 1459 491 1450 491 1448 489 1448 487 1448 485 1448 483 1448 479 1450 459 1459 401 1448 393 1448 391 1448 389 1448 387 1448 374 1459 359 1448 357 1448 356 1448 245 1448 247 1493"/></Shape>
	    <String CONTENT="173. Der Kleine Kranke Bruder 800"
                    HPOS="245"
                    VPOS="1448"
                    WIDTH="982"
                    HEIGHT="60"></String>
          </TextLine>

          
          
          <TextLine ID="eSc_line_a4b30f0e"
                    
                    BASELINE="251 1544 828 1540 1152 1544 1229 1540" 
                    HPOS="247"
                    VPOS="1499"
                    WIDTH="980"
                    HEIGHT="56">
            <Shape><Polygon POINTS="249 1542 249 1555 1225 1549 1227 1538 1222 1499 918 1512 700 1501 682 1501 680 1501 678 1501 676 1501 663 1512 616 1503 614 1503 612 1503 594 1512 584 1503 584 1501 582 1501 581 1501 579 1501 567 1503 504 1512 477 1503 472 1501 470 1501 468 1501 247 1503 249 1542"/></Shape>
	    <String CONTENT="174. Sind wir nicht die Meister ? 500"
                    HPOS="247"
                    VPOS="1499"
                    WIDTH="980"
                    HEIGHT="56"></String>
          </TextLine>

          
          
          <TextLine ID="eSc_line_7bed0696"
                    
                    BASELINE="560 1611 914 1606" 
                    HPOS="558"
                    VPOS="1563"
                    WIDTH="356"
                    HEIGHT="56">
            <Shape><Polygon POINTS="897 1574 753 1563 751 1563 749 1563 714 1576 712 1576 710 1576 684 1563 682 1563 680 1563 641 1564 639 1564 637 1564 637 1566 626 1576 624 1578 620 1576 597 1564 596 1564 594 1564 592 1564 558 1574 560 1611 560 1619 914 1615 914 1606 912 1600 897 1574"/></Shape>
	    <String CONTENT="Ph. Roth. München"
                    HPOS="558"
                    VPOS="1563"
                    WIDTH="356"
                    HEIGHT="56"></String>
          </TextLine>

          
          
          <TextLine ID="eSc_line_db6da756"
                    
                    BASELINE="249 1662 774 1666 1154 1666 1231 1666" 
                    HPOS="245"
                    VPOS="1619"
                    WIDTH="984"
                    HEIGHT="65">
            <Shape><Polygon POINTS="247 1660 245 1673 311 1681 313 1681 314 1681 328 1675 341 1668 357 1675 374 1681 376 1681 607 1683 609 1683 699 1675 768 1669 1128 1669 1135 1675 1147 1684 1148 1684 1150 1684 1152 1684 1227 1675 1229 1664 1227 1634 1163 1623 1162 1623 1160 1623 1158 1623 1158 1624 1148 1632 1143 1639 1029 1639 1012 1630 1008 1628 1006 1628 1004 1628 1002 1628 1000 1628 1000 1630 991 1639 826 1639 669 1624 618 1621 616 1621 614 1621 612 1621 612 1623 611 1623 599 1636 522 1636 461 1621 455 1621 453 1621 447 1621 399 1632 356 1619 352 1619 350 1619 348 1619 346 1619 344 1619 320 1634 301 1619 299 1619 298 1619 247 1619 247 1660"/></Shape>
	    <String CONTENT="175. Umgebung von München 250"
                    HPOS="245"
                    VPOS="1619"
                    WIDTH="984"
                    HEIGHT="65"></String>
          </TextLine>

          
          
          <TextLine ID="eSc_line_61d8d897"
                    
                    BASELINE="518 1738 967 1727" 
                    HPOS="513"
                    VPOS="1686"
                    WIDTH="452"
                    HEIGHT="58">
            <Shape><Polygon POINTS="517 1737 517 1744 965 1739 965 1726 961 1694 811 1686 809 1686 807 1686 792 1692 774 1697 768 1692 762 1686 760 1686 759 1686 588 1686 586 1686 584 1686 582 1686 579 1690 558 1701 545 1690 545 1688 543 1688 541 1688 539 1688 513 1688 517 1737"/></Shape>
	    <String CONTENT="R. Schietzhold. München"
                    HPOS="513"
                    VPOS="1686"
                    WIDTH="452"
                    HEIGHT="58"></String>
          </TextLine>

          
          
          <TextLine ID="eSc_line_228f592d"
                    
                    BASELINE="259 1787 271 1789 612 1780 1154 1778 1227 1778" 
                    HPOS="258"
                    VPOS="1737"
                    WIDTH="967"
                    HEIGHT="65">
            <Shape><Polygon POINTS="562 1737 560 1737 558 1737 556 1737 556 1739 537 1748 506 1739 502 1737 500 1737 498 1737 491 1739 449 1746 258 1739 258 1786 258 1802 549 1789 586 1799 590 1799 592 1799 594 1799 596 1799 597 1799 629 1784 654 1793 656 1793 657 1793 723 1784 742 1795 742 1797 744 1797 745 1797 747 1797 757 1795 815 1784 1223 1787 1225 1776 1223 1739 1163 1737 1162 1737 1160 1737 1158 1737 1158 1739 1143 1754 762 1756 611 1756 567 1739 564 1737 562 1737"/></Shape>
	    <String CONTENT="178. Starnberger-See 225"
                    HPOS="258"
                    VPOS="1737"
                    WIDTH="967"
                    HEIGHT="65"></String>
          </TextLine>

          
          
          <TextLine ID="eSc_line_21e96bde"
                    
                    BASELINE="494 1847 985 1844" 
                    HPOS="492"
                    VPOS="1799"
                    WIDTH="493"
                    HEIGHT="58">
            <Shape><Polygon POINTS="980 1810 978 1808 918 1799 916 1799 914 1799 912 1799 899 1808 897 1808 892 1808 847 1799 845 1799 843 1799 820 1806 811 1808 492 1801 494 1847 494 1857 985 1857 985 1844 982 1810 980 1810"/></Shape>
	    <String CONTENT="Gust. Schönleber. München"
                    HPOS="492"
                    VPOS="1799"
                    WIDTH="493"
                    HEIGHT="58"></String>
          </TextLine>

          
          
          <TextLine ID="eSc_line_893e90a8"
                    
                    BASELINE="251 1898 772 1902 1139 1900 1227 1896" 
                    HPOS="247"
                    VPOS="1851"
                    WIDTH="978"
                    HEIGHT="75">
            <Shape><Polygon POINTS="249 1896 247 1907 290 1907 305 1921 305 1922 307 1922 309 1922 311 1922 313 1922 337 1911 346 1921 346 1922 348 1922 350 1922 352 1922 421 1913 432 1922 432 1924 434 1924 436 1924 438 1924 440 1924 470 1913 517 1924 519 1924 521 1924 522 1924 562 1913 575 1924 577 1924 579 1924 581 1924 641 1913 755 1922 757 1922 759 1922 798 1909 837 1909 952 1909 967 1922 967 1924 969 1924 970 1924 972 1924 974 1924 1012 1909 1077 1924 1079 1924 1081 1924 1083 1924 1103 1911 1117 1922 1117 1924 1118 1924 1120 1924 1122 1926 1190 1926 1190 1924 1192 1924 1223 1909 1225 1894 1220 1855 1111 1857 1109 1857 1107 1857 1107 1859 1096 1870 1053 1870 1038 1857 1038 1855 1036 1855 1034 1855 1032 1855 1030 1855 1029 1855 1029 1857 1014 1870 742 1870 708 1853 706 1853 704 1853 702 1853 663 1864 609 1857 607 1857 605 1857 603 1857 586 1868 552 1853 551 1853 549 1853 451 1866 438 1855 436 1855 434 1855 432 1855 431 1855 406 1864 397 1855 395 1855 393 1855 249 1851 249 1896"/></Shape>
	    <String CONTENT="179. Heimkehr vom Fischfang 1800"
                    HPOS="247"
                    VPOS="1851"
                    WIDTH="978"
                    HEIGHT="75"></String>
          </TextLine>

          
        </TextBlock>
        
      </PrintSpace>
    </Page>
  </Layout>
</alto>
