1379 2275
151 312 985 61 W. Benteli. Bern

487 267 315 62 15. Bei Ringgenberg 300

432 320 64 40 16. Das Breihorn (Lauerbrunnenhal)

153 365 983 67 R. H. Bentham. Aigle

151 477 987 57 17. Küste von Guernsey 200

447 426 395 61 Bocion. Lausanne

153 587 983 59 18. Seeufer in Savoyen 450

487 544 326 62 20. Umgebung von Vivis (von Lausanne in die Verloosung gewählt)

153 638 869 52 B. Bodmer. Genf

153 798 985 62 22. Flussnfer bei Duillier, Waadt 500

483 756 321 51 v. Bonstetten- v. Mestral. Aubonne

328 862 633 57 23. Amalfi (Erlös zu Gunsten eines Spitals bestimmt) 100

153 1019 985 71 Boubong. Munchen

151 913 987 57 24. Rückkehr vom Spaziergang 300

153 1133 985 61 Oscar Bastian. Lausanne

470 976 351 55 25. Stillleben 200

417 1090 457 55 26. Früchte 150

153 1283 985 55 H. Bryner. Lausanne

153 1184 986 61 29. Am Genfersee 600

460 1247 378 45 30. Abstieg von Mont-Benon, Lausanne 100

153 1330 985 67 31. Haus bei Préverenges 200

153 1380 985 62 32. Partie am Genfersee bei Lausanne  250

155 1431 679 53 33. Merligen am Fusse des Beatenbergs 300

157 1594 487 57 Arthur Calame. Genf

153 1474 986 67 34. Kriegshafen von Neapel

460 1543 384 55 35. Ufer von Chiaja 1500

155 1630 986 70 Wilhelm Ciardi. Treviso

438 1696 430 59 36. Mazorbo (Lagunen von Venedig) 600

157 1850 423 68 G. Castan. Genf

155 1738 986 74 38. Inneres des Waldes
