1374 2242
620 267 307 58 A. Veillon. Genf

271 300 990 75 290. Abend in der Umgebung von Kairo 380

271 356 988 62 291. Strasse von Venedig 400

271 403 988 54 292. Erinnerung an St. Prex 450

272 448 987 78 293. Morgen bei Brunnen (Vierwaldstättersee) 1000

616 508 307 59 U. Muller. Bonn

272 560 535 56 294. Hafendamm beim Sturm 1500

523 620 488 71 Franz Biberstein. München

271 678 985 61 295. Parthie an der Sernf 300

572 741 366 60 Franz Kaiser. Stanz

271 788 985 71 296. Jäger auf dem Anstand (gebrannte Erde) 60

527 857 486 58 Friedr. Zimmermann. Genf

271 902 983 73 297. Umgebung von St. Gingolphe (Genfersee) 1000

515 969 505 71 Freiherr v. Arnim. München

271 1014 983 64 298. Studienkopf 625

271 1066 985 69 299. Sänger aus dem XVI. Jahrhundert 625

579 1134 379 57 Th. Preiswerk. Basel

272 1175 314 59 300bis. Genrebild

269 1229 248 52 301. Genrebild

530 1294 466 62 Salomon Wild. St. Gallen

265 1337 989 66 303. Wallensee von Wallenstadt aus 300

256 1388 1000 63 304. Parthie bei Murg am Wallensee 300

583 1455 359 52 H. Terry. Lausanne

265 1496 989 73 305. Bei Zinal (Wallis) (Aquarell) 300

536 1561 460 62 Diethelm Meier. München

265 1610 989 64 306. Die guten Freunde 1100

568 1670 390 76 C. Barzaghi. Mailand

265 1720 323 71 307. Mädchenkopf 1500

575 1786 383 74 H. Bryner. Lausanne

235 1830 1017 83 308. Umgegend von Bönigen 500
