<?xml version="1.0" encoding="UTF-8"?>
<alto xmlns:xsi="http://www.w3.org/2001/XMLSchema-instance"
      xmlns="http://www.loc.gov/standards/alto/ns-v4#"
      xsi:schemaLocation="http://www.loc.gov/standards/alto/ns-v4# http://www.loc.gov/standards/alto/v4/alto-4-2.xsd">
  <Description>
    <MeasurementUnit>pixel</MeasurementUnit>
    <sourceImageInformation>
      <fileName>1878_Bern.pdf_page_22.png</fileName>
      
    </sourceImageInformation>
  </Description>
  
  <Layout>
    <Page WIDTH="1421"
          HEIGHT="2270"
          PHYSICAL_IMG_NR="16"
          ID="eSc_dummypage_">
      <PrintSpace HPOS="0"
                  VPOS="0"
                  WIDTH="1421"
                  HEIGHT="2270">
        

        
        <TextBlock ID="eSc_dummyblock_">
          
          
          <TextLine ID="eSc_line_28afac9f"
                    
                    BASELINE="306 349 1231 342" 
                    HPOS="304"
                    VPOS="287"
                    WIDTH="927"
                    HEIGHT="74">
            <Shape><Polygon POINTS="1212 300 1193 300 1175 298 1156 296 1137 296 1118 295 1099 295 1080 293 1061 291 1042 291 1023 289 1004 289 995 287 995 289 985 298 983 298 966 298 864 289 862 289 821 298 813 298 806 298 768 289 766 289 764 289 747 298 741 300 726 298 694 291 692 291 690 291 688 291 679 298 673 300 633 298 550 291 548 291 304 296 306 349 306 361 1229 361 1231 342 1229 338 1212 300"/></Shape>
	    <String CONTENT="Schnitzler-Verein des bernischen Oberlandes"
                    HPOS="304"
                    VPOS="287"
                    WIDTH="927"
                    HEIGHT="74"></String>
          </TextLine>

          
          
          <TextLine ID="eSc_line_a458f2ff"
                    
                    BASELINE="276 402 639 402" 
                    HPOS="276"
                    VPOS="366"
                    WIDTH="363"
                    HEIGHT="52">
            <Shape><Polygon POINTS="276 402 276 416 637 418 639 402 639 366 276 366 276 402"/></Shape>
	    <String CONTENT="321. Holzsculpturen"
                    HPOS="276"
                    VPOS="366"
                    WIDTH="363"
                    HEIGHT="52"></String>
          </TextLine>

          
          
          <TextLine ID="eSc_line_2fd06186"
                    
                    BASELINE="340 493 1207 489" 
                    HPOS="338"
                    VPOS="433"
                    WIDTH="869"
                    HEIGHT="81">
            <Shape><Polygon POINTS="1195 444 1093 433 1091 433 1038 444 1035 444 1029 444 904 433 794 433 792 433 790 433 789 433 789 435 779 444 777 444 771 444 726 435 724 435 722 435 720 435 720 436 713 442 709 448 630 448 624 442 614 435 613 435 611 435 609 435 607 435 584 442 577 444 567 442 533 435 531 435 529 435 527 435 520 442 514 448 473 448 467 442 461 436 461 435 459 435 457 435 456 435 454 435 452 435 440 442 433 446 338 442 340 493 340 512 389 503 527 510 560 512 561 514 760 514 760 512 762 512 764 512 764 510 768 508 775 501 834 508 862 510 864 510 883 506 913 501 930 506 942 510 944 510 946 510 1205 503 1207 489 1205 484 1195 444"/></Shape>
	    <String CONTENT="Von den Hafnern im Heimberg bei Thun"
                    HPOS="338"
                    VPOS="433"
                    WIDTH="869"
                    HEIGHT="81"></String>
          </TextLine>

          
          
          <TextLine ID="eSc_line_a5c76520"
                    
                    BASELINE="278 548 913 542" 
                    HPOS="276"
                    VPOS="505"
                    WIDTH="637"
                    HEIGHT="60">
            <Shape><Polygon POINTS="276 523 278 548 278 559 649 565 650 565 652 565 675 556 756 563 758 563 913 550 913 542 908 505 278 506 276 523"/></Shape>
	    <String CONTENT="322. Auswahl glasirter Thonwaaren"
                    HPOS="276"
                    VPOS="505"
                    WIDTH="637"
                    HEIGHT="60"></String>
          </TextLine>

          
          
          <TextLine ID="eSc_line_8c491982"
                    
                    BASELINE="603 631 940 628" 
                    HPOS="603"
                    VPOS="582"
                    WIDTH="337"
                    HEIGHT="70">
            <Shape><Polygon POINTS="923 597 919 593 847 582 845 582 843 582 842 582 842 584 834 592 830 595 768 595 701 586 662 582 660 582 658 582 656 582 652 586 637 595 603 584 603 631 603 645 683 641 698 643 739 652 741 652 828 641 840 639 847 639 908 650 910 650 912 650 940 637 940 628 938 624 923 597"/></Shape>
	    <String CONTENT="F. Homberg. Bern"
                    HPOS="603"
                    VPOS="582"
                    WIDTH="337"
                    HEIGHT="70"></String>
          </TextLine>

          
          
          <TextLine ID="eSc_line_1bd02e70"
                    
                    BASELINE="280 684 688 681" 
                    HPOS="280"
                    VPOS="637"
                    WIDTH="408"
                    HEIGHT="64">
            <Shape><Polygon POINTS="280 677 280 684 280 701 688 698 688 681 684 648 571 637 569 637 567 637 565 637 552 645 544 639 544 637 543 637 541 637 539 637 537 637 535 637 524 646 323 639 321 639 319 639 291 646 280 677"/></Shape>
	    <String CONTENT="323. Graveur-Arbeiten"
                    HPOS="280"
                    VPOS="637"
                    WIDTH="408"
                    HEIGHT="64"></String>
          </TextLine>

          
          
          <TextLine ID="eSc_line_586d0c0b"
                    
                    BASELINE="635 760 906 756" 
                    HPOS="633"
                    VPOS="711"
                    WIDTH="273"
                    HEIGHT="55">
            <Shape><Polygon POINTS="898 732 889 722 826 711 824 711 823 711 800 722 794 724 785 722 745 711 743 711 741 711 633 716 635 760 635 766 906 762 906 756 904 749 898 732"/></Shape>
	    <String CONTENT="F. Etlle. Bern"
                    HPOS="633"
                    VPOS="711"
                    WIDTH="273"
                    HEIGHT="55"></String>
          </TextLine>

          
          
          <TextLine ID="eSc_line_353551ab"
                    
                    BASELINE="278 815 745 815" 
                    HPOS="278"
                    VPOS="766"
                    WIDTH="467"
                    HEIGHT="58">
            <Shape><Polygon POINTS="561 777 543 777 524 777 505 777 486 775 467 775 465 777 463 779 461 777 454 775 448 775 429 775 410 773 399 773 380 777 370 779 359 777 333 771 315 771 298 771 278 775 278 815 278 824 745 822 745 815 745 781 664 766 662 766 660 766 620 777 567 768 561 777"/></Shape>
	    <String CONTENT="324. Eine weibliche Büste"
                    HPOS="278"
                    VPOS="766"
                    WIDTH="467"
                    HEIGHT="58"></String>
          </TextLine>

          
          
          <TextLine ID="eSc_line_c16b0864"
                    
                    BASELINE="280 864 961 860" 
                    HPOS="278"
                    VPOS="813"
                    WIDTH="683"
                    HEIGHT="59">
            <Shape><Polygon POINTS="713 817 694 817 692 817 669 822 656 824 611 820 561 817 543 817 527 817 524 819 508 826 278 817 280 864 280 872 959 868 961 860 959 826 934 813 932 813 930 813 929 813 883 824 881 824 879 824 762 815 760 815 758 815 732 822 726 824 724 822 719 817 713 817"/></Shape>
	    <String CONTENT="325. Ein Kinder-Portrait, Hauterelief"
                    HPOS="278"
                    VPOS="813"
                    WIDTH="683"
                    HEIGHT="59"></String>
          </TextLine>

          
          
          <TextLine ID="eSc_line_61dbadc3"
                    
                    BASELINE="281 911 1140 908" 
                    HPOS="280"
                    VPOS="864"
                    WIDTH="860"
                    HEIGHT="62">
            <Shape><Polygon POINTS="1112 875 1093 873 1074 873 1055 872 1052 872 1038 875 1036 875 1014 875 777 864 775 864 773 864 771 864 762 872 756 877 658 877 280 868 281 911 281 921 1137 926 1140 908 1137 877 1127 875 1112 875"/></Shape>
	    <String CONTENT="326. Eine Schweizergruppe. Originalskizze in Thon modellirt"
                    HPOS="280"
                    VPOS="864"
                    WIDTH="860"
                    HEIGHT="62"></String>
          </TextLine>

          
          
          <TextLine ID="eSc_line_eb34a3d6"
                    
                    BASELINE="374 960 544 957" 
                    HPOS="372"
                    VPOS="913"
                    WIDTH="172"
                    HEIGHT="55">
            <Shape><Polygon POINTS="374 960 374 968 544 964 544 957 541 925 465 913 463 913 372 926 374 960"/></Shape>
	    <String CONTENT="327. Zwei Kinder. Skizzen für den Eingang eines Gartens bestimmt, in Thon modellirt"
                    HPOS="372"
                    VPOS="913"
                    WIDTH="172"
                    HEIGHT="55"></String>
          </TextLine>

          
          
          <TextLine ID="eSc_line_02e78da4"
                    
                    BASELINE="281 1010 1140 1004" 
                    HPOS="280"
                    VPOS="955"
                    WIDTH="860"
                    HEIGHT="75">
            <Shape><Polygon POINTS="518 959 516 959 514 959 512 959 465 970 446 960 431 960 418 970 404 960 393 960 374 960 372 957 300 957 298 957 297 957 295 957 280 964 281 1010 281 1030 340 1021 507 1027 556 1029 558 1029 560 1029 569 1027 594 1019 724 1023 824 1027 826 1027 1139 1015 1140 1004 1137 972 957 972 955 970 932 959 930 959 929 959 927 959 881 970 853 957 851 957 849 957 847 957 845 957 828 970 824 974 730 974 728 970 709 955 707 955 705 955 637 955 635 955 633 955 631 955 614 970 611 972 531 972 531 970 520 960 520 959 518 959"/></Shape>
	    <String CONTENT=""
                    HPOS="280"
                    VPOS="955"
                    WIDTH="860"
                    HEIGHT="75"></String>
          </TextLine>

          
          
          <TextLine ID="eSc_line_67a301e0"
                    
                    BASELINE="374 1057 1019 1053" 
                    HPOS="374"
                    VPOS="1010"
                    WIDTH="645"
                    HEIGHT="66">
            <Shape><Polygon POINTS="410 1055 391 1055 378 1051 374 1057 374 1063 694 1076 696 1076 698 1076 743 1063 866 1072 868 1072 1019 1059 1019 1053 1017 1023 1002 1012 1000 1012 999 1012 915 1012 913 1012 912 1012 910 1012 910 1013 898 1025 800 1025 779 1010 777 1010 775 1010 773 1010 771 1010 743 1023 705 1010 703 1010 701 1010 700 1010 698 1010 698 1012 683 1025 677 1025 592 1013 590 1013 588 1013 548 1025 546 1025 544 1025 533 1013 533 1012 531 1012 529 1012 527 1012 421 1023 410 1055"/></Shape>
	    <String CONTENT=""
                    HPOS="374"
                    VPOS="1010"
                    WIDTH="645"
                    HEIGHT="66"></String>
          </TextLine>

          
          
          <TextLine ID="eSc_line_48f839b5"
                    
                    BASELINE="611 1135 913 1131" 
                    HPOS="609"
                    VPOS="1089"
                    WIDTH="304"
                    HEIGHT="57">
            <Shape><Polygon POINTS="893 1095 874 1095 855 1095 849 1093 843 1097 834 1093 817 1093 798 1093 779 1093 760 1091 711 1097 688 1089 684 1089 667 1089 658 1099 641 1091 628 1097 609 1106 611 1135 611 1146 912 1138 913 1131 912 1129 893 1095"/></Shape>
	    <String CONTENT="R. Snell. Zürich"
                    HPOS="609"
                    VPOS="1089"
                    WIDTH="304"
                    HEIGHT="57"></String>
          </TextLine>

          
          
          <TextLine ID="eSc_line_4d9d6186"
                    
                    BASELINE="272 1186 976 1193" 
                    HPOS="270"
                    VPOS="1140"
                    WIDTH="706"
                    HEIGHT="59">
            <Shape><Polygon POINTS="953 1153 934 1150 932 1148 912 1144 910 1144 821 1153 804 1142 802 1142 800 1142 749 1142 747 1142 745 1142 743 1142 728 1153 624 1142 622 1142 620 1142 601 1152 582 1140 580 1140 578 1140 577 1140 575 1140 531 1153 467 1153 454 1144 442 1144 427 1144 403 1150 395 1144 385 1146 367 1146 355 1146 342 1150 333 1146 329 1148 310 1148 291 1148 272 1178 272 1186 270 1193 972 1199 976 1193 974 1157 957 1153 953 1153"/></Shape>
	    <String CONTENT="328. Partie am Hasliberg (Privatbesitz)"
                    HPOS="270"
                    VPOS="1140"
                    WIDTH="706"
                    HEIGHT="59"></String>
          </TextLine>

          
          
          <TextLine ID="eSc_line_d95d0c60"
                    
                    BASELINE="526 1267 1006 1267" 
                    HPOS="526"
                    VPOS="1220"
                    WIDTH="480"
                    HEIGHT="58">
            <Shape><Polygon POINTS="999 1254 980 1233 961 1229 942 1223 940 1222 870 1229 842 1231 836 1227 824 1220 823 1220 821 1220 819 1220 773 1225 753 1229 726 1225 696 1220 694 1220 692 1220 690 1220 686 1223 675 1231 599 1222 580 1220 578 1220 577 1220 575 1220 556 1231 527 1220 526 1267 526 1278 1006 1278 1006 1267 999 1252 999 1254"/></Shape>
	    <String CONTENT="J. Meyer-Attenhofer. Baden"
                    HPOS="526"
                    VPOS="1220"
                    WIDTH="480"
                    HEIGHT="58"></String>
          </TextLine>

          
          
          <TextLine ID="eSc_line_fc45f2f9"
                    
                    BASELINE="272 1318 730 1322 1188 1326 1258 1322" 
                    HPOS="268"
                    VPOS="1269"
                    WIDTH="988"
                    HEIGHT="70">
            <Shape><Polygon POINTS="270 1316 268 1326 1252 1339 1256 1320 1252 1274 1178 1274 1176 1274 1175 1274 1173 1274 1173 1276 1156 1292 1122 1282 1120 1282 1118 1282 1116 1282 1114 1282 1097 1292 930 1292 915 1274 913 1274 913 1273 912 1273 910 1273 908 1273 906 1273 900 1274 872 1292 796 1292 781 1274 779 1274 779 1273 777 1273 775 1273 773 1273 771 1273 766 1276 743 1288 732 1276 728 1273 728 1271 726 1271 724 1271 656 1271 654 1271 652 1271 650 1271 645 1276 639 1282 630 1276 618 1271 616 1271 614 1271 613 1271 594 1276 575 1282 561 1276 548 1271 546 1271 544 1271 543 1271 531 1276 508 1288 473 1276 459 1273 457 1273 456 1273 454 1273 438 1276 420 1282 401 1276 374 1269 372 1269 370 1269 368 1269 367 1269 367 1271 359 1276 351 1284 338 1276 325 1269 323 1269 321 1269 319 1269 270 1276 270 1316"/></Shape>
	    <String CONTENT="329. Am See im Klönthal 500"
                    HPOS="268"
                    VPOS="1269"
                    WIDTH="988"
                    HEIGHT="70"></String>
          </TextLine>

          
          
          <TextLine ID="eSc_line_0cc65f67"
                    
                    BASELINE="278 1371 813 1373 836 1373 1031 1375 1186 1371 1258 1375" 
                    HPOS="274"
                    VPOS="1324"
                    WIDTH="982"
                    HEIGHT="62">
            <Shape><Polygon POINTS="276 1369 274 1380 1252 1386 1256 1373 1256 1335 1245 1327 1243 1327 1241 1327 1239 1327 1199 1337 1180 1343 1035 1343 1017 1335 997 1327 995 1327 993 1327 991 1327 989 1327 989 1329 983 1335 980 1339 902 1341 881 1333 872 1329 870 1329 868 1329 866 1329 864 1329 864 1331 860 1333 853 1343 790 1343 781 1331 777 1329 777 1327 775 1327 773 1327 771 1327 717 1331 647 1337 626 1331 611 1326 609 1326 607 1326 605 1326 596 1329 580 1339 569 1329 561 1324 560 1324 558 1324 556 1324 520 1329 495 1333 480 1329 463 1324 461 1324 459 1324 457 1324 456 1324 456 1326 452 1329 444 1335 431 1327 425 1324 423 1324 421 1324 420 1324 276 1326 276 1369"/></Shape>
	    <String CONTENT="330. Dala-Brücke, Leukerbad (Aquarell) 125"
                    HPOS="274"
                    VPOS="1324"
                    WIDTH="982"
                    HEIGHT="62"></String>
          </TextLine>

          
          
          <TextLine ID="eSc_line_db718503"
                    
                    BASELINE="270 1416 618 1416 927 1420 980 1420 1186 1422 1258 1422" 
                    HPOS="266"
                    VPOS="1373"
                    WIDTH="990"
                    HEIGHT="60">
            <Shape><Polygon POINTS="268 1414 266 1428 1252 1433 1256 1420 1254 1379 1193 1379 1192 1379 1190 1379 1188 1379 1188 1380 1175 1394 982 1394 970 1380 968 1380 968 1379 966 1379 964 1379 963 1379 961 1379 951 1380 915 1392 620 1392 614 1384 607 1377 607 1375 605 1375 603 1375 473 1375 471 1375 469 1375 467 1375 450 1386 444 1386 368 1375 367 1375 365 1375 363 1375 363 1377 351 1386 340 1377 340 1375 338 1375 336 1375 280 1373 278 1373 276 1373 274 1373 274 1375 272 1375 268 1379 268 1414"/></Shape>
	    <String CONTENT="331. Lago di Remi (Aquarell) 125"
                    HPOS="266"
                    VPOS="1373"
                    WIDTH="990"
                    HEIGHT="60"></String>
          </TextLine>

          
          
          <TextLine ID="eSc_line_4f18f8f1"
                    
                    BASELINE="272 1462 785 1467 923 1467 980 1467 1188 1471 1256 1471" 
                    HPOS="268"
                    VPOS="1416"
                    WIDTH="986"
                    HEIGHT="67">
            <Shape><Polygon POINTS="459 1456 448 1431 425 1424 403 1416 401 1416 399 1416 368 1418 367 1418 365 1418 365 1420 359 1424 351 1431 338 1424 329 1416 327 1416 325 1416 323 1416 270 1422 270 1460 268 1475 361 1469 491 1479 499 1479 501 1479 503 1479 552 1469 701 1481 741 1483 743 1483 745 1483 753 1481 781 1473 1250 1483 1254 1469 1252 1431 1190 1426 1188 1426 1186 1426 1184 1426 1184 1428 1180 1430 1167 1445 1084 1445 976 1443 963 1428 961 1428 961 1426 959 1426 957 1426 955 1426 953 1426 947 1428 915 1441 790 1441 760 1428 743 1420 741 1420 739 1420 737 1420 736 1420 726 1426 719 1431 688 1426 652 1420 650 1420 649 1420 647 1420 639 1426 626 1433 618 1426 614 1424 614 1422 613 1422 611 1422 609 1422 592 1426 548 1435 482 1424 474 1424 459 1456"/></Shape>
	    <String CONTENT="332. Silvaplana und Silsersee (Aquarell) 125"
                    HPOS="268"
                    VPOS="1416"
                    WIDTH="986"
                    HEIGHT="67"></String>
          </TextLine>

          
          
          <TextLine ID="eSc_line_621accfb"
                    
                    BASELINE="272 1511 730 1515 923 1519 976 1519 1186 1520 1258 1517" 
                    HPOS="268"
                    VPOS="1469"
                    WIDTH="988"
                    HEIGHT="59">
            <Shape><Polygon POINTS="270 1509 268 1515 380 1526 382 1526 563 1519 569 1519 597 1528 599 1528 601 1528 1254 1522 1256 1515 1250 1483 1038 1490 953 1477 930 1475 929 1475 927 1475 925 1475 923 1477 906 1488 821 1488 739 1488 726 1475 726 1473 724 1473 722 1473 720 1473 719 1473 713 1475 692 1483 683 1475 683 1473 681 1473 679 1473 677 1473 675 1473 671 1473 649 1481 594 1473 578 1471 577 1471 575 1471 573 1471 573 1473 558 1483 524 1471 520 1471 518 1471 516 1471 514 1471 512 1471 512 1473 499 1484 450 1471 448 1471 446 1471 444 1471 442 1471 425 1484 385 1469 382 1469 380 1469 378 1469 376 1469 374 1469 359 1481 270 1469 270 1509"/></Shape>
	    <String CONTENT="333. Am See im Klönthal (Aquarell) 125"
                    HPOS="268"
                    VPOS="1469"
                    WIDTH="988"
                    HEIGHT="59"></String>
          </TextLine>

          
          
          <TextLine ID="eSc_line_9a2b004f"
                    
                    BASELINE="582 1592 934 1592" 
                    HPOS="582"
                    VPOS="1545"
                    WIDTH="352"
                    HEIGHT="74">
            <Shape><Polygon POINTS="923 1590 904 1590 885 1590 866 1590 853 1560 819 1547 817 1547 779 1547 777 1547 775 1547 773 1547 773 1549 760 1560 730 1545 728 1545 667 1545 666 1545 664 1545 662 1545 662 1547 649 1558 647 1562 637 1558 607 1545 605 1545 603 1545 601 1545 582 1554 582 1592 582 1602 618 1617 620 1617 622 1619 719 1619 719 1617 720 1617 751 1604 896 1606 917 1617 919 1617 921 1617 923 1617 925 1617 925 1615 934 1606 934 1592 929 1590 923 1590"/></Shape>
	    <String CONTENT="Ph. Röth. München"
                    HPOS="582"
                    VPOS="1545"
                    WIDTH="352"
                    HEIGHT="74"></String>
          </TextLine>

          
          
          <TextLine ID="eSc_line_097b522d"
                    
                    BASELINE="272 1645 546 1645 1184 1651 1256 1651" 
                    HPOS="268"
                    VPOS="1600"
                    WIDTH="986"
                    HEIGHT="70">
            <Shape><Polygon POINTS="270 1643 268 1662 399 1653 474 1662 499 1666 501 1666 503 1666 516 1662 560 1651 569 1662 573 1664 573 1666 575 1666 577 1666 578 1668 605 1668 605 1666 607 1666 609 1666 609 1664 613 1662 620 1655 628 1662 630 1664 631 1664 633 1664 635 1664 637 1664 645 1662 671 1651 684 1660 686 1660 688 1660 690 1660 692 1660 741 1651 834 1651 842 1660 845 1662 845 1664 847 1664 849 1664 851 1664 853 1664 872 1658 894 1653 917 1658 929 1662 930 1662 932 1662 976 1658 1014 1655 1017 1658 1023 1662 1023 1664 1025 1664 1027 1664 1029 1664 1031 1664 1057 1657 1070 1655 1080 1657 1114 1670 1116 1670 1118 1670 1120 1670 1122 1670 1122 1668 1133 1657 1252 1655 1254 1649 1254 1617 1193 1606 1192 1606 1190 1606 1188 1606 1188 1607 1178 1615 1169 1624 874 1615 872 1615 754 1623 736 1607 732 1604 730 1604 728 1604 726 1604 724 1604 717 1607 688 1621 544 1621 461 1602 446 1600 270 1600 270 1643"/></Shape>
	    <String CONTENT="334. Waldsaum 280"
                    HPOS="268"
                    VPOS="1600"
                    WIDTH="986"
                    HEIGHT="70"></String>
          </TextLine>

          
        </TextBlock>
        
      </PrintSpace>
    </Page>
  </Layout>
</alto>
