<?xml version="1.0" encoding="UTF-8"?>
<alto xmlns:xsi="http://www.w3.org/2001/XMLSchema-instance"
      xmlns="http://www.loc.gov/standards/alto/ns-v4#"
      xsi:schemaLocation="http://www.loc.gov/standards/alto/ns-v4# http://www.loc.gov/standards/alto/v4/alto-4-2.xsd">
  <Description>
    <MeasurementUnit>pixel</MeasurementUnit>
    <sourceImageInformation>
      <fileName>1878_Bern.pdf_page_9.png</fileName>
      
    </sourceImageInformation>
  </Description>
  
  <Layout>
    <Page WIDTH="1340"
          HEIGHT="2252"
          PHYSICAL_IMG_NR="3"
          ID="eSc_dummypage_">
      <PrintSpace HPOS="0"
                  VPOS="0"
                  WIDTH="1340"
                  HEIGHT="2252">
        

        
        <TextBlock ID="eSc_dummyblock_">
          
          
          <TextLine ID="eSc_line_8e463c2b"
                    
                    BASELINE="465 309 848 302" 
                    HPOS="463"
                    VPOS="253"
                    WIDTH="385"
                    HEIGHT="81">
            <Shape><Polygon POINTS="838 300 820 273 801 270 722 270 711 264 698 258 696 258 694 258 692 258 673 264 641 272 628 262 617 253 615 253 613 253 611 253 566 253 557 262 538 262 519 264 501 266 482 266 463 268 465 309 465 322 508 322 512 324 527 334 529 334 531 334 532 334 534 334 536 334 549 324 551 322 559 324 583 332 585 332 587 332 636 324 677 319 686 326 692 330 694 330 696 330 698 332 750 332 750 330 752 330 765 326 797 317 846 326 848 302 840 292 838 300"/></Shape>
	    <String CONTENT="J. Geisser. Lausanne"
                    HPOS="463"
                    VPOS="253"
                    WIDTH="385"
                    HEIGHT="81"></String>
          </TextLine>

          
          
          <TextLine ID="eSc_line_be39f8a6"
                    
                    BASELINE="165 360 628 364 1069 362 1141 358" 
                    HPOS="161"
                    VPOS="313"
                    WIDTH="978"
                    HEIGHT="73">
            <Shape><Polygon POINTS="163 358 161 373 230 384 232 384 471 375 531 384 532 384 534 384 559 373 561 371 563 373 576 380 578 380 579 380 581 380 630 371 639 371 653 371 739 380 741 380 743 380 769 371 771 371 773 371 816 384 818 384 820 384 822 384 823 384 840 373 852 382 852 384 853 384 855 384 857 386 957 386 957 384 959 384 990 371 1020 380 1022 380 1024 380 1069 371 1092 382 1094 382 1096 382 1097 382 1137 369 1139 356 1135 313 1077 313 1075 313 1073 313 1071 313 1052 328 955 319 953 319 846 328 827 313 825 313 823 313 822 313 820 313 818 313 791 328 688 319 686 319 685 319 683 319 671 328 656 315 654 313 653 313 651 313 608 313 606 313 604 313 602 313 600 315 578 328 517 319 516 319 514 319 512 319 502 326 489 317 487 315 487 313 486 313 484 313 482 313 480 313 472 317 448 328 369 317 341 313 339 313 337 313 335 313 330 317 311 328 268 317 251 313 249 313 247 313 245 313 232 317 213 324 163 319 163 358"/></Shape>
	    <String CONTENT="58. Eine Küche zu Salvan 300"
                    HPOS="161"
                    VPOS="313"
                    WIDTH="978"
                    HEIGHT="73"></String>
          </TextLine>

          
          
          <TextLine ID="eSc_line_158ffe1e"
                    
                    BASELINE="163 412 818 407 1069 409 1141 409" 
                    HPOS="159"
                    VPOS="362"
                    WIDTH="980"
                    HEIGHT="73">
            <Shape><Polygon POINTS="161 410 165 435 187 420 304 429 305 429 450 422 478 429 487 431 489 431 491 431 512 427 570 418 664 426 737 431 739 431 812 429 814 429 816 429 825 422 835 416 855 422 882 429 883 429 885 429 887 429 904 422 915 416 1005 416 1011 420 1022 429 1024 429 1026 429 1028 429 1030 429 1032 429 1045 418 1050 416 1135 416 1139 407 1135 362 1015 379 810 379 780 367 765 364 763 364 761 364 760 364 758 364 752 369 735 379 705 369 698 367 696 367 694 367 666 369 594 379 587 371 583 369 583 367 581 367 579 367 578 367 546 373 519 377 501 373 465 365 463 365 401 375 388 377 382 375 356 367 354 367 352 367 350 367 332 377 324 380 313 377 281 367 279 367 277 367 221 379 219 379 217 379 191 367 189 367 187 367 185 367 159 377 161 410"/></Shape>
	    <String CONTENT="59. Ufer am Genfersee bei Villeneuve 350"
                    HPOS="159"
                    VPOS="362"
                    WIDTH="980"
                    HEIGHT="73"></String>
          </TextLine>

          
          
          <TextLine ID="eSc_line_4d000244"
                    
                    BASELINE="163 459 683 459 1071 457 1141 454" 
                    HPOS="159"
                    VPOS="414"
                    WIDTH="980"
                    HEIGHT="70">
            <Shape><Polygon POINTS="161 457 165 478 174 469 195 476 202 480 204 480 206 480 234 476 283 471 330 476 382 482 384 482 386 482 405 476 435 465 487 474 499 476 501 476 514 474 542 469 549 474 559 482 561 482 563 482 564 484 643 484 643 482 645 482 662 472 679 465 731 465 743 472 752 482 754 482 756 482 758 484 853 484 853 482 855 482 885 472 906 463 990 463 1005 471 1013 476 1015 476 1017 476 1019 476 1137 469 1139 452 1135 418 1069 414 1067 414 1041 418 962 433 696 433 668 422 654 418 653 418 651 418 649 418 630 422 608 427 583 424 542 416 540 416 538 416 521 424 506 431 487 424 465 416 463 416 461 416 326 426 324 426 315 418 315 416 313 416 311 416 174 416 172 416 170 416 168 416 159 422 161 457"/></Shape>
	    <String CONTENT="60. Ouchy und der Genfersee 120"
                    HPOS="159"
                    VPOS="414"
                    WIDTH="980"
                    HEIGHT="70"></String>
          </TextLine>

          
          
          <TextLine ID="eSc_line_54977827"
                    
                    BASELINE="163 510 700 506 1071 506 1141 502" 
                    HPOS="159"
                    VPOS="459"
                    WIDTH="980"
                    HEIGHT="66">
            <Shape><Polygon POINTS="161 508 161 512 200 523 202 523 204 523 206 523 227 514 251 523 253 523 255 525 504 525 504 523 551 516 581 510 641 516 688 519 690 519 692 519 694 519 698 516 707 508 870 508 1137 517 1139 501 1133 459 1035 461 1034 461 1032 461 1011 478 865 480 703 480 679 463 677 463 675 463 647 463 593 463 591 463 589 463 587 463 570 478 538 463 532 461 531 461 529 461 527 461 525 461 525 463 523 463 508 476 422 463 411 463 409 463 407 463 403 463 369 480 341 467 339 467 337 467 335 467 304 474 257 465 251 465 249 465 247 465 245 465 219 480 206 467 206 465 204 465 202 465 200 465 159 465 161 508"/></Shape>
	    <String CONTENT="61. Arpetta-Gebirge im Wallis 250"
                    HPOS="159"
                    VPOS="459"
                    WIDTH="980"
                    HEIGHT="66"></String>
          </TextLine>

          
          
          <TextLine ID="eSc_line_d6f1e186"
                    
                    BASELINE="163 557 598 557 1071 553 1141 553" 
                    HPOS="159"
                    VPOS="510"
                    WIDTH="980"
                    HEIGHT="66">
            <Shape><Polygon POINTS="161 555 161 563 189 574 191 574 193 574 195 574 228 563 234 563 240 563 287 574 289 576 474 576 474 574 476 574 478 574 491 564 493 563 495 564 506 574 508 574 510 574 512 576 593 576 593 574 594 574 596 574 596 572 598 572 604 564 608 561 645 561 651 564 656 570 656 572 658 572 660 572 662 572 664 572 686 564 705 561 750 561 756 566 761 570 761 572 763 572 765 572 767 572 769 572 771 572 780 566 790 561 859 561 872 566 883 572 885 572 887 572 923 566 960 561 1137 566 1139 551 1137 510 1081 510 1079 510 1077 510 1075 510 1039 527 696 527 686 516 683 514 683 512 681 512 679 512 677 512 647 517 600 527 591 517 587 516 587 514 585 514 583 514 581 514 514 519 465 523 459 519 446 514 444 514 176 514 174 514 172 514 170 514 159 519 161 555"/></Shape>
	    <String CONTENT="62. Landschaft bei Zinal 800"
                    HPOS="159"
                    VPOS="510"
                    WIDTH="980"
                    HEIGHT="66"></String>
          </TextLine>

          
          
          <TextLine ID="eSc_line_6730ebe6"
                    
                    BASELINE="493 623 814 623" 
                    HPOS="493"
                    VPOS="583"
                    WIDTH="321"
                    HEIGHT="51">
            <Shape><Polygon POINTS="812 591 793 587 775 583 493 583 493 623 493 634 814 634 814 623 814 591 812 591"/></Shape>
	    <String CONTENT="Ami Girard. Genf"
                    HPOS="493"
                    VPOS="583"
                    WIDTH="321"
                    HEIGHT="51"></String>
          </TextLine>

          
          
          <TextLine ID="eSc_line_e639baf6"
                    
                    BASELINE="165 675 632 679" 
                    HPOS="163"
                    VPOS="630"
                    WIDTH="469"
                    HEIGHT="56">
            <Shape><Polygon POINTS="165 675 163 681 628 686 632 679 632 643 604 630 602 630 600 630 598 630 574 641 549 630 548 630 546 630 544 630 519 641 474 630 472 630 471 630 469 630 429 641 426 641 420 641 354 630 352 630 350 630 330 639 302 630 300 630 298 630 296 630 294 630 281 639 279 639 165 639 165 675"/></Shape>
	    <String CONTENT="65. Portrait von M. L. L."
                    HPOS="163"
                    VPOS="630"
                    WIDTH="469"
                    HEIGHT="56"></String>
          </TextLine>

          
          
          <TextLine ID="eSc_line_b0f248cb"
                    
                    BASELINE="497 745 812 741" 
                    HPOS="495"
                    VPOS="696"
                    WIDTH="317"
                    HEIGHT="67">
            <Shape><Polygon POINTS="795 739 782 709 731 696 730 696 728 696 701 709 510 698 508 698 506 698 504 698 504 699 495 709 497 745 497 763 810 752 812 741 808 737 795 739"/></Shape>
	    <String CONTENT="Albert Gos. Genf"
                    HPOS="495"
                    VPOS="696"
                    WIDTH="317"
                    HEIGHT="67"></String>
          </TextLine>

          
          
          <TextLine ID="eSc_line_37f85131"
                    
                    BASELINE="165 799 581 797 1071 799 1144 791" 
                    HPOS="161"
                    VPOS="752"
                    WIDTH="981"
                    HEIGHT="62">
            <Shape><Polygon POINTS="163 797 163 801 202 812 204 812 206 812 208 812 228 803 262 812 264 812 266 814 581 814 581 812 583 812 585 812 591 806 598 801 628 806 647 810 649 810 651 810 653 810 656 806 670 801 730 801 737 808 739 808 739 810 741 810 743 810 745 810 769 808 853 801 1141 812 1142 790 1139 752 1082 752 1081 752 1079 752 1077 752 1077 754 1062 769 913 769 900 754 898 754 898 752 897 752 895 752 893 752 891 752 889 752 887 754 868 767 844 756 837 752 835 752 833 752 831 752 823 756 795 769 688 769 670 758 658 752 656 752 654 752 653 752 651 752 641 758 626 767 591 758 561 752 559 752 557 752 542 760 532 763 523 760 502 752 501 752 499 752 401 761 375 763 371 761 360 752 358 752 356 752 354 752 285 761 262 752 260 752 258 752 257 752 236 763 230 767 225 763 210 754 208 754 206 754 204 754 161 763 163 797"/></Shape>
	    <String CONTENT="66. Aprilmorgen (Vivis) 250"
                    HPOS="161"
                    VPOS="752"
                    WIDTH="981"
                    HEIGHT="62"></String>
          </TextLine>

          
          
          <TextLine ID="eSc_line_dc5f1585"
                    
                    BASELINE="165 848 416 844" 
                    HPOS="165"
                    VPOS="812"
                    WIDTH="251"
                    HEIGHT="43">
            <Shape><Polygon POINTS="165 836 165 848 165 855 416 852 416 844 412 812 176 812 165 836"/></Shape>
	    <String CONTENT="67. Rhonethal"
                    HPOS="165"
                    VPOS="812"
                    WIDTH="251"
                    HEIGHT="43"></String>
          </TextLine>

          
          
          <TextLine ID="eSc_line_40be0fd8"
                    
                    BASELINE="469 913 840 910" 
                    HPOS="467"
                    VPOS="865"
                    WIDTH="373"
                    HEIGHT="65">
            <Shape><Polygon POINTS="805 882 786 880 743 880 737 876 733 874 730 874 711 872 692 870 683 874 668 878 645 872 615 865 613 865 611 865 609 865 591 870 561 880 544 868 540 865 538 865 536 865 534 865 532 865 531 865 527 868 508 878 497 867 495 867 495 865 493 865 491 865 489 865 467 865 469 913 469 921 651 930 653 930 705 921 829 928 831 928 833 928 835 928 835 927 837 927 840 921 840 910 823 883 805 882"/></Shape>
	    <String CONTENT="C. G. Grips. Brüssel"
                    HPOS="467"
                    VPOS="865"
                    WIDTH="373"
                    HEIGHT="65"></String>
          </TextLine>

          
          
          <TextLine ID="eSc_line_8281a5f3"
                    
                    BASELINE="165 970 675 966 1071 966 1146 966" 
                    HPOS="161"
                    VPOS="917"
                    WIDTH="983"
                    HEIGHT="58">
            <Shape><Polygon POINTS="163 968 163 975 1142 975 1144 964 1142 921 1081 917 1079 917 1077 917 1065 921 1039 936 985 938 934 938 923 925 921 925 921 923 919 923 917 923 915 923 913 923 912 923 910 925 895 938 758 938 726 930 673 919 671 919 670 919 623 932 613 934 596 932 502 923 501 923 499 923 497 923 497 925 486 934 459 925 457 925 456 925 454 925 412 938 409 938 407 938 380 921 379 921 377 921 375 921 373 921 343 930 326 923 324 923 322 923 320 923 319 923 302 936 180 921 178 921 176 921 174 921 174 923 161 934 163 968"/></Shape>
	    <String CONTENT="68. Das letzte Abschiedsmahl 500"
                    HPOS="161"
                    VPOS="917"
                    WIDTH="983"
                    HEIGHT="58"></String>
          </TextLine>

          
          
          <TextLine ID="eSc_line_9a298457"
                    
                    BASELINE="167 1017 685 1017 1069 1015 1142 1009" 
                    HPOS="163"
                    VPOS="970"
                    WIDTH="978"
                    HEIGHT="56">
            <Shape><Polygon POINTS="165 1015 165 1024 1139 1026 1141 1007 1137 970 1034 970 1032 970 1030 970 1028 970 1028 972 1009 987 683 987 654 977 636 972 634 972 632 972 574 979 536 985 529 981 517 972 516 972 514 972 512 972 412 981 397 972 395 972 394 972 392 972 390 972 365 983 364 985 362 983 345 972 343 972 341 972 339 972 337 972 304 985 298 987 296 985 281 973 279 973 277 973 243 972 242 972 240 972 238 972 238 973 230 981 221 973 221 972 219 972 217 972 180 972 178 972 176 972 174 972 174 973 163 983 165 1015"/></Shape>
	    <String CONTENT="69. Die Magd und ihre Katze 500"
                    HPOS="163"
                    VPOS="970"
                    WIDTH="978"
                    HEIGHT="56"></String>
          </TextLine>

          
          
          <TextLine ID="eSc_line_b08c248e"
                    
                    BASELINE="450 1082 861 1077" 
                    HPOS="448"
                    VPOS="1032"
                    WIDTH="413"
                    HEIGHT="60">
            <Shape><Polygon POINTS="842 1043 722 1032 720 1032 718 1032 681 1045 653 1035 651 1035 649 1035 531 1047 459 1035 457 1035 456 1035 454 1035 454 1037 452 1037 448 1041 450 1082 450 1092 861 1086 861 1077 859 1073 842 1043"/></Shape>
	    <String CONTENT="Conrad Grob. München"
                    HPOS="448"
                    VPOS="1032"
                    WIDTH="413"
                    HEIGHT="60"></String>
          </TextLine>

          
          
          <TextLine ID="eSc_line_2376f757"
                    
                    BASELINE="170 1131 347 1127 1052 1127 1146 1122" 
                    HPOS="167"
                    VPOS="1086"
                    WIDTH="977"
                    HEIGHT="56">
            <Shape><Polygon POINTS="168 1129 168 1135 812 1129 927 1141 957 1142 959 1142 960 1142 962 1142 962 1141 964 1141 974 1129 1043 1129 1056 1141 1058 1141 1060 1141 1062 1142 1142 1142 1144 1120 1141 1086 1062 1086 1060 1086 1058 1086 1056 1086 1039 1099 1015 1088 1013 1088 1011 1088 1009 1088 1007 1088 990 1103 932 1103 921 1092 921 1090 919 1090 917 1090 915 1090 913 1090 883 1101 857 1090 855 1090 853 1090 852 1090 850 1090 833 1101 502 1101 491 1090 491 1088 489 1088 487 1088 486 1088 463 1090 341 1099 324 1090 322 1088 320 1088 319 1088 242 1088 240 1088 238 1088 236 1088 236 1090 234 1090 227 1099 217 1090 215 1090 215 1088 213 1088 212 1088 210 1088 167 1090 168 1129"/></Shape>
	    <String CONTENT="70. Idylle 2000"
                    HPOS="167"
                    VPOS="1086"
                    WIDTH="977"
                    HEIGHT="56"></String>
          </TextLine>

          
          
          <TextLine ID="eSc_line_0fee8b41"
                    
                    BASELINE="442 1195 865 1191" 
                    HPOS="441"
                    VPOS="1146"
                    WIDTH="424"
                    HEIGHT="62">
            <Shape><Polygon POINTS="442 1195 442 1208 863 1204 865 1191 861 1159 566 1146 564 1146 563 1146 561 1146 561 1148 548 1159 457 1148 456 1148 454 1148 452 1148 452 1150 441 1159 442 1195"/></Shape>
	    <String CONTENT="Jacob Gehrig. München"
                    HPOS="441"
                    VPOS="1146"
                    WIDTH="424"
                    HEIGHT="62"></String>
          </TextLine>

          
          
          <TextLine ID="eSc_line_4e9c1514"
                    
                    BASELINE="170 1253 516 1247 1073 1249 1144 1244" 
                    HPOS="168"
                    VPOS="1201"
                    WIDTH="974"
                    HEIGHT="65">
            <Shape><Polygon POINTS="168 1266 502 1266 502 1264 504 1264 506 1264 506 1262 517 1253 891 1253 917 1262 919 1262 921 1262 923 1262 925 1262 942 1251 1141 1262 1142 1242 1139 1201 1075 1201 1073 1201 1071 1201 1043 1214 953 1201 949 1201 947 1201 945 1201 944 1201 944 1202 927 1217 812 1208 810 1208 808 1208 807 1208 788 1221 643 1221 613 1208 611 1208 609 1208 608 1208 606 1208 606 1210 594 1221 504 1221 476 1206 474 1206 472 1206 382 1216 364 1202 362 1202 360 1202 358 1202 356 1202 354 1202 322 1216 255 1206 253 1206 251 1206 213 1216 168 1204 168 1251 168 1266"/></Shape>
	    <String CONTENT="71. Abendeindrücke 180"
                    HPOS="168"
                    VPOS="1201"
                    WIDTH="974"
                    HEIGHT="65"></String>
          </TextLine>

          
          
          <TextLine ID="eSc_line_d7b53a4f"
                    
                    BASELINE="170 1300 591 1296 1071 1296 1144 1296" 
                    HPOS="167"
                    VPOS="1255"
                    WIDTH="975"
                    HEIGHT="64">
            <Shape><Polygon POINTS="168 1298 168 1315 230 1304 364 1315 365 1315 367 1315 369 1315 369 1313 382 1302 418 1315 422 1317 424 1317 426 1319 572 1319 572 1317 574 1317 576 1317 576 1315 596 1302 930 1302 944 1313 944 1315 945 1315 947 1315 949 1315 951 1315 953 1315 968 1306 1037 1315 1039 1315 1041 1315 1071 1304 1081 1313 1081 1315 1082 1315 1084 1315 1086 1317 1142 1317 1142 1294 1141 1255 1067 1255 1065 1255 1064 1255 1062 1255 1062 1257 1049 1268 962 1257 960 1257 959 1257 957 1257 957 1259 945 1270 846 1270 831 1257 829 1257 827 1257 825 1257 823 1257 822 1257 822 1259 810 1270 643 1272 613 1272 600 1259 600 1257 598 1257 596 1257 594 1257 593 1257 517 1266 472 1257 469 1257 467 1257 465 1257 463 1257 463 1259 450 1270 274 1257 255 1257 253 1257 251 1257 249 1257 223 1270 212 1259 212 1257 210 1257 208 1257 206 1257 167 1257 168 1298"/></Shape>
	    <String CONTENT="72. Ansicht von Lindau 380"
                    HPOS="167"
                    VPOS="1255"
                    WIDTH="975"
                    HEIGHT="64"></String>
          </TextLine>

          
          
          <TextLine ID="eSc_line_a4d8f3a9"
                    
                    BASELINE="170 1345 412 1349 1071 1345 1146 1341" 
                    HPOS="167"
                    VPOS="1306"
                    WIDTH="977"
                    HEIGHT="54">
            <Shape><Polygon POINTS="168 1343 168 1360 232 1351 270 1360 272 1360 274 1360 283 1360 411 1351 420 1358 420 1360 422 1360 424 1360 426 1360 465 1360 673 1351 791 1358 818 1358 820 1358 822 1358 825 1356 846 1349 1142 1354 1144 1339 1141 1306 1069 1306 1067 1306 1065 1306 1064 1306 1047 1319 983 1308 981 1308 979 1308 977 1308 964 1319 754 1311 752 1311 668 1321 167 1308 168 1343"/></Shape>
	    <String CONTENT="73. Dorfscene 200"
                    HPOS="167"
                    VPOS="1306"
                    WIDTH="977"
                    HEIGHT="54"></String>
          </TextLine>

          
          
          <TextLine ID="eSc_line_fcad50f0"
                    
                    BASELINE="170 1396 630 1399 1073 1394 1144 1388" 
                    HPOS="167"
                    VPOS="1351"
                    WIDTH="975"
                    HEIGHT="64">
            <Shape><Polygon POINTS="168 1394 170 1413 193 1403 309 1413 326 1413 328 1413 330 1413 334 1413 375 1401 456 1401 474 1411 476 1413 478 1413 480 1413 482 1415 626 1415 626 1413 639 1411 681 1401 746 1411 771 1413 773 1413 791 1409 844 1399 876 1409 882 1411 883 1411 885 1411 887 1411 889 1411 891 1409 910 1399 1139 1407 1142 1386 1137 1353 823 1369 630 1369 606 1353 604 1351 602 1351 600 1351 544 1351 542 1351 540 1351 534 1353 510 1364 480 1353 472 1351 471 1351 469 1351 467 1351 465 1351 465 1353 463 1353 450 1368 418 1353 412 1351 411 1351 409 1351 407 1351 397 1353 373 1360 350 1353 341 1351 339 1351 337 1351 324 1353 292 1360 262 1353 255 1353 253 1353 251 1353 249 1353 249 1354 243 1360 236 1353 234 1353 234 1351 232 1351 230 1351 228 1351 167 1353 168 1394"/></Shape>
	    <String CONTENT="74. Ansicht von Mersburg 200"
                    HPOS="167"
                    VPOS="1351"
                    WIDTH="975"
                    HEIGHT="64"></String>
          </TextLine>

          
          
          <TextLine ID="eSc_line_828f685f"
                    
                    BASELINE="427 1463 887 1458" 
                    HPOS="426"
                    VPOS="1415"
                    WIDTH="461"
                    HEIGHT="58">
            <Shape><Polygon POINTS="878 1426 722 1418 720 1418 718 1418 694 1428 683 1416 683 1415 681 1415 679 1415 581 1415 579 1415 540 1416 538 1416 536 1416 536 1418 523 1430 487 1416 486 1416 484 1416 482 1416 480 1416 461 1430 442 1416 441 1416 439 1416 437 1416 435 1416 433 1416 433 1418 431 1418 426 1424 427 1463 427 1473 885 1467 887 1458 883 1439 878 1426"/></Shape>
	    <String CONTENT="J. S. Guignard. Lausanne"
                    HPOS="426"
                    VPOS="1415"
                    WIDTH="461"
                    HEIGHT="58"></String>
          </TextLine>

          
          
          <TextLine ID="eSc_line_2c36faf9"
                    
                    BASELINE="172 1518 1024 1518" 
                    HPOS="172"
                    VPOS="1473"
                    WIDTH="852"
                    HEIGHT="63">
            <Shape><Polygon POINTS="1017 1484 1007 1482 842 1473 840 1473 838 1473 818 1482 784 1473 782 1473 780 1473 778 1473 745 1482 722 1473 720 1473 718 1473 716 1473 690 1482 677 1473 675 1473 673 1473 671 1473 561 1482 540 1473 538 1473 536 1473 482 1484 180 1484 172 1499 172 1518 172 1536 1024 1536 1024 1518 1022 1497 1017 1484"/></Shape>
	    <String CONTENT="77. Diablerets (von Lausanne in die Verloosung gewählt)"
                    HPOS="172"
                    VPOS="1473"
                    WIDTH="852"
                    HEIGHT="63"></String>
          </TextLine>

          
          
          <TextLine ID="eSc_line_ffcfd187"
                    
                    BASELINE="240 1568 394 1565" 
                    HPOS="238"
                    VPOS="1529"
                    WIDTH="156"
                    HEIGHT="54">
            <Shape><Polygon POINTS="240 1568 240 1582 392 1583 394 1565 388 1529 238 1531 240 1568"/></Shape>
	    <String CONTENT=""
                    HPOS="238"
                    VPOS="1529"
                    WIDTH="156"
                    HEIGHT="54"></String>
          </TextLine>

          
          
          <TextLine ID="eSc_line_eb542b05"
                    
                    BASELINE="480 1632 838 1627" 
                    HPOS="478"
                    VPOS="1583"
                    WIDTH="360"
                    HEIGHT="59">
            <Shape><Polygon POINTS="818 1593 797 1589 797 1589 778 1589 760 1587 741 1587 735 1587 715 1595 703 1585 701 1585 700 1585 698 1585 696 1585 677 1595 600 1583 598 1583 596 1583 594 1583 594 1585 593 1585 583 1597 542 1589 534 1591 516 1593 497 1597 478 1598 480 1632 480 1642 837 1636 838 1627 833 1612 818 1593"/></Shape>
	    <String CONTENT="Julius Hebert. Genf"
                    HPOS="478"
                    VPOS="1583"
                    WIDTH="360"
                    HEIGHT="59"></String>
          </TextLine>

          
          
          <TextLine ID="eSc_line_9a254fe6"
                    
                    BASELINE="120 1692 1028 1681" 
                    HPOS="118"
                    VPOS="1638"
                    WIDTH="910"
                    HEIGHT="75">
            <Shape><Polygon POINTS="1019 1649 1000 1649 981 1649 962 1647 944 1647 925 1645 906 1645 887 1643 868 1643 863 1640 848 1647 825 1638 823 1638 822 1638 820 1638 818 1638 805 1647 623 1640 621 1640 619 1640 591 1649 579 1640 578 1640 576 1640 574 1640 572 1640 542 1651 461 1642 459 1642 457 1642 456 1642 456 1643 446 1651 320 1643 319 1643 317 1643 290 1653 272 1643 270 1643 268 1643 125 1657 118 1664 120 1692 121 1713 157 1702 212 1711 221 1713 223 1713 225 1713 230 1711 272 1700 418 1709 439 1709 441 1709 442 1709 446 1707 476 1698 527 1705 529 1705 624 1696 668 1705 685 1707 686 1707 1028 1698 1028 1681 1026 1668 1019 1649"/></Shape>
	    <String CONTENT="78. Marabout und Kirchhof [Aquarell] (in Lausanne in die Verloosung gewählt)"
                    HPOS="118"
                    VPOS="1638"
                    WIDTH="910"
                    HEIGHT="75"></String>
          </TextLine>

          
          
          <TextLine ID="eSc_line_2945fdec"
                    
                    BASELINE="240 1735 711 1732" 
                    HPOS="238"
                    VPOS="1690"
                    WIDTH="473"
                    HEIGHT="57">
            <Shape><Polygon POINTS="245 1692 243 1692 242 1692 242 1694 240 1694 238 1696 240 1735 240 1745 707 1747 711 1732 707 1700 472 1690 471 1690 469 1690 467 1690 452 1700 247 1692 245 1692"/></Shape>
	    <String CONTENT="79. Der Geistliche bei der Lectüre (Aquarell) 180"
                    HPOS="238"
                    VPOS="1690"
                    WIDTH="473"
                    HEIGHT="57"></String>
          </TextLine>

          
          
          <TextLine ID="eSc_line_d9a695f3"
                    
                    BASELINE="133 1786 960 1779 1075 1779 1148 1775" 
                    HPOS="129"
                    VPOS="1732"
                    WIDTH="1017"
                    HEIGHT="75">
            <Shape><Polygon POINTS="131 1784 133 1807 174 1792 517 1803 523 1803 525 1803 527 1803 557 1788 735 1801 737 1801 739 1801 743 1801 897 1790 938 1799 940 1799 942 1799 944 1799 945 1799 966 1784 1017 1784 1034 1795 1035 1795 1037 1795 1039 1795 1041 1795 1069 1784 1142 1797 1146 1773 1141 1732 1035 1735 1034 1735 1032 1735 1020 1747 957 1747 938 1735 932 1734 930 1734 928 1734 927 1734 921 1735 898 1747 763 1739 701 1737 700 1737 698 1737 696 1737 692 1741 683 1749 626 1743 578 1739 576 1739 574 1739 572 1739 564 1745 561 1747 557 1745 549 1737 548 1737 546 1737 544 1737 542 1737 540 1737 531 1745 523 1750 497 1747 433 1737 337 1737 335 1737 334 1737 309 1750 307 1750 180 1739 178 1739 176 1739 129 1754 131 1784"/></Shape>
	    <String CONTENT="Heinrich Hebert. Genf"
                    HPOS="129"
                    VPOS="1732"
                    WIDTH="1017"
                    HEIGHT="75"></String>
          </TextLine>

          
          
          <TextLine ID="eSc_line_32e6831a"
                    
                    BASELINE="459 1850 861 1844" 
                    HPOS="457"
                    VPOS="1797"
                    WIDTH="404"
                    HEIGHT="72">
            <Shape><Polygon POINTS="855 1810 801 1810 784 1797 782 1797 780 1797 778 1797 776 1797 775 1797 775 1799 763 1809 478 1799 476 1799 474 1799 472 1799 457 1807 459 1850 459 1869 861 1865 861 1844 859 1839 855 1810"/></Shape>
	    <String CONTENT="80. Der Spaziergang 200"
                    HPOS="457"
                    VPOS="1797"
                    WIDTH="404"
                    HEIGHT="72"></String>
          </TextLine>

          
          
          <TextLine ID="eSc_line_807634b3"
                    
                    BASELINE="172 1899 525 1899 1077 1889 1148 1886" 
                    HPOS="168"
                    VPOS="1844"
                    WIDTH="978"
                    HEIGHT="73">
            <Shape><Polygon POINTS="170 1897 170 1916 225 1906 275 1917 281 1917 283 1917 285 1917 287 1917 309 1904 339 1916 341 1916 343 1917 467 1917 467 1916 469 1916 471 1916 487 1906 555 1914 563 1914 564 1914 566 1914 568 1914 568 1912 579 1901 634 1899 743 1899 761 1912 763 1912 765 1912 767 1912 773 1912 833 1897 900 1897 910 1904 910 1906 912 1906 913 1906 915 1906 1019 1895 1041 1906 1043 1906 1045 1906 1047 1906 1049 1906 1067 1893 1142 1906 1146 1884 1142 1844 1090 1844 1088 1844 1086 1844 1084 1844 1060 1867 981 1867 957 1854 955 1854 953 1854 951 1854 912 1867 730 1857 728 1857 726 1857 724 1857 724 1859 713 1871 606 1872 564 1872 544 1856 542 1856 540 1856 538 1856 536 1856 534 1856 523 1867 442 1867 405 1854 403 1854 401 1854 399 1854 397 1854 397 1856 388 1863 168 1856 170 1897"/></Shape>
	    <String CONTENT=""
                    HPOS="168"
                    VPOS="1844"
                    WIDTH="978"
                    HEIGHT="73"></String>
          </TextLine>

          
        </TextBlock>
        
      </PrintSpace>
    </Page>
  </Layout>
</alto>
