1390 2251
562 262 407 58 Jost Schnyder. Luzern

275 307 981 77 199. Ufer bei Vitznau, mit dem Pilatus 550

605 386 327 67 T. Tœche. Zürich

273 440 981 72 200. Abend im Walde 800

560 521 413 60 Henry Terry. Lausanne

275 579 861 64 201. Römischer Vorhof in Lambessa [Algerien] (Aquarell) 250

273 677 981 56 202. Moschee von Biskra (Aquarell) 125

273 718 863 60 203. Strasse von Constantine (Aquarell) (von Lausanne in die Verloosung gewählt)

271 819 982 64 204. Strasse von El-Kantara (Aquarell) 125

277 877 859 62 205. Hof des Palastes des alten Bey in Constantine (Aquarell) 350

271 964 982 71 206. Der Besso bei Zinal [Wallis] (Aquarell) 300

465 1054 591 73 (Mme Mina Tobler-Stockar. Zürich

271 1114 982 60 207. Cyelamen 140

271 1166 983 57 208. Christblumen 140

273 1211 980 68 209. Frühlingsblumen 140

562 1275 409 77 Victor Tobler. München

271 1341 980 65 210. Schachmatt 1200

542 1431 440 54 Albert Vouga. Cortaillod

275 1478 859 69 211. Junge Mädchen bringen einem verwundeten Soldaten zu essen 300

545 1605 434 60 Mlle E. Voruz. Lausanne

273 1673 383 62 213. Fromme Lecture

559 1733 407 71 Paul Weber. München

271 1785 978 77 217. Landschaft bei München 800

271 1843 978 75 218. Abendansicht 800
